<?xml version="1.0" encoding="UTF-8"?><collection xmlns="http://www.loc.gov/MARC21/slim"><record><leader>00528nam--2200181-i-4500</leader><controlfield tag="001">000012181</controlfield><controlfield tag="002">20161230</controlfield><controlfield tag="005">20161230201029</controlfield><controlfield tag="008">060222s1000------------r-----000-0-fre-d</controlfield><datafield ind1=" " ind2=" " tag="040"><subfield code="a">IFIN-HH</subfield></datafield><datafield ind1=" " ind2=" " tag="041"><subfield code="a">fre</subfield></datafield><datafield ind1=" " ind2=" " tag="080"><subfield code="a">539.182.3(043)</subfield></datafield><datafield ind1="1" ind2=" " tag="100"><subfield code="a">Benoit-garzon, C</subfield></datafield><datafield ind1="1" ind2="0" tag="245"><subfield code="a">Etude des collisions entre atomes d'hydrogene ionises ou neutres et atomes de gaz rares</subfield><subfield code="b">These</subfield><subfield code="c">C. benoit-garzon</subfield></datafield><datafield ind1=" " ind2=" " tag="260"><subfield code="a">Paris</subfield><subfield code="b">Universite De Paris Xi</subfield><subfield code="c">1976</subfield></datafield><datafield ind1=" " ind2=" " tag="300"><subfield code="a">130 P</subfield></datafield><datafield ind1=" " ind2=" " tag="852"><subfield code="a">44855</subfield><subfield code="c">539.18</subfield></datafield><datafield ind1=" " ind2=" " tag="CAT"><subfield code="a">Sys</subfield><subfield code="c">20120703</subfield><subfield code="h">151300</subfield></datafield></record></collection>